@online{Routers,
  author = {Reuters},
  title = {London cafe unveils the 'selfieccino' - self portraits in froth},
  year = 2017,
  url = {https://www.reuters.com/article/us-britain-selfieccino/london-cafe-unveils-the-selfieccino-self-portraits-in-froth-idUSKBN1ED2BZ},
  urldate = {2017-12-19}
}