@misc{bustle,
  author = {Brandi Neal},
  title = "{What Is A Selfieccino? You Can Order A Drink With Your Face On It At This London Cafe}",
  howpublished = "\url{https://www.bustle.com/p/what-is-a-selfieccino-you-can-order-a-drink-with-your-face-on-it-at-this-london-cafe-7685582}",
  year = {2017}, 
  note = "[Online; posje\'ceno 31. 05. 2018]"
}

@misc{ wiki1,
    author = "{Wikipedia contributors}",
    title = "System lifecycle --- {Wikipedia}{,} The Free Encyclopedia",
    year = "2018",
    howpublished = "\url{https://en.wikipedia.org/w/index.php?title=System_lifecycle&oldid=828537183}",
    note = "[Online; posje\'ceno 31. 05. 2018]"
  }
  
@book{book1,
  title={The engineering design of systems: models and methods},
  author={Buede, Dennis M and Miller, William D},
  year={2016},
  publisher={John Wiley \& Sons}
}

@inproceedings{oakes1,
  title={Technical performance measures},
  author={Oakes, James and Botta, Rick and Bahill, A Terry},
  booktitle={Proceedings of 16th Annual International Symposium of INCOSE},
  pages={9--13},
  year={2006}
}